@misc{ArduinoIntroduction,
    author    = "Arduino",
    title     = "Introduction to Arduino",
  	url       = "https://www.arduino.cc/en/Guide/Introduction"
}

@misc{tmpTutorial,
    author    = "BC Robotics",
    title     = "Using A TMP36 Temperature Sensor With Arduino",
  	url       = "https://www.bc-robotics.com/tutorials/using-a-tmp36-temperature-sensor-with-arduino/"
}

@misc{Identity,
	author	 = "Rick Anderson",
	title	 = "Introduction to Identity on ASP.NET Core",
	url      = "https://docs.microsoft.com/en-us/aspnet/core/security/authentication/identity?view=aspnetcore-2.2&tabs=visual-studio"
}
